% bmc_article.bib
% 
%  An example of bibtex entries.
%  Entries taken from BMC instructions for authors page.

% uncomment next line to make author-year bibliography
% @settings{label, options="nameyear"}


%--------------------------------------------------------------
% Data
%--------------------------------------------------------------

% Python packages
@inproceedings{mckinney2010data_pandas,
  title={Data structures for statistical computing in python},
  author={McKinney, Wes and others},
  booktitle={Proceedings of the 9th Python in Science Conference},
  volume={445},
  pages={51--56},
  year={2010},
  organization={Austin, TX}
}


@book{oliphant2006guide_numpy,
  title={A guide to NumPy},
  author={Oliphant, Travis E},
  volume={1},
  year={2006},
  publisher={Trelgol Publishing USA}
}

@article{pedregosa2011scikit,
  title={Scikit-learn: Machine learning in Python},
  author={Pedregosa, Fabian and Varoquaux, Ga{\"e}l and Gramfort, Alexandre and Michel, Vincent and Thirion, Bertrand and Grisel, Olivier and Blondel, Mathieu and Prettenhofer, Peter and Weiss, Ron and Dubourg, Vincent and others},
  journal={Journal of machine learning research},
  volume={12},
  number={Oct},
  pages={2825--2830},
  year={2011}
}


@inproceedings{rehurek_lrec,
      title = {{Software Framework for Topic Modelling with Large Corpora}},
      author = {Radim {\v R}eh{\r u}{\v r}ek and Petr Sojka},
      booktitle = {{Proceedings of the LREC 2010 Workshop on New
           Challenges for NLP Frameworks}},
      pages = {45--50},
      year = 2010,
      month = May,
      day = 22,
      publisher = {ELRA},
      address = {Valletta, Malta},
      language={English}
}

@article{cock2009biopython,
  title={Biopython: freely available Python tools for computational molecular biology and bioinformatics},
  author={Cock, Peter JA and Antao, Tiago and Chang, Jeffrey T and Chapman, Brad A and Cox, Cymon J and Dalke, Andrew and Friedberg, Iddo and Hamelryck, Thomas and Kauff, Frank and Wilczynski, Bartek and others},
  journal={Bioinformatics},
  volume={25},
  number={11},
  pages={1422--1423},
  year={2009},
  publisher={Oxford University Press}
}

@article{altschul1990basic_blast,
  title={Basic local alignment search tool},
  author={Altschul, Stephen F and Gish, Warren and Miller, Webb and Myers, Eugene W and Lipman, David J},
  journal={Journal of molecular biology},
  volume={215},
  number={3},
  pages={403--410},
  year={1990},
  publisher={Elsevier}
}

@article{xgboost,
 author = {Chen, Tianqi and Guestrin, Carlos},
 title = {{XGBoost}: A Scalable Tree Boosting System},
 booktitle = {Proceedings of the 22nd ACM SIGKDD International Conference on Knowledge Discovery and Data Mining},
 series = {KDD '16},
 year = {2016},
 isbn = {978-1-4503-4232-2},
 location = {San Francisco, California, USA},
 pages = {785--794},
 numpages = {10},
 url = {http://doi.acm.org/10.1145/2939672.2939785},
 doi = {10.1145/2939672.2939785},
 acmid = {2939785},
 publisher = {ACM},
 address = {New York, NY, USA},
 keywords = {large-scale machine learning},
}

@article{refseq,
    author = {O'Leary, Nuala A. and Wright, Mathew W. and Brister, J. Rodney and Ciufo, Stacy and Haddad, Diana and McVeigh, Rich and Rajput, Bhanu and Robbertse, Barbara and Smith-White, Brian and Ako-Adjei, Danso and Astashyn, Alexander and Badretdin, Azat and Bao, Yiming and Blinkova, Olga and Brover, Vyacheslav and Chetvernin, Vyacheslav and Choi, Jinna and Cox, Eric and Ermolaeva, Olga and Farrell, Catherine M. and Goldfarb, Tamara and Gupta, Tripti and Haft, Daniel and Hatcher, Eneida and Hlavina, Wratko and Joardar, Vinita S. and Kodali, Vamsi K. and Li, Wenjun and Maglott, Donna and Masterson, Patrick and McGarvey, Kelly M. and Murphy, Michael R. and O'Neill, Kathleen and Pujar, Shashikant and Rangwala, Sanjida H. and Rausch, Daniel and Riddick, Lillian D. and Schoch, Conrad and Shkeda, Andrei and Storz, Susan S. and Sun, Hanzhen and Thibaud-Nissen, Francoise and Tolstoy, Igor and Tully, Raymond E. and Vatsan, Anjana R. and Wallin, Craig and Webb, David and Wu, Wendy and Landrum, Melissa J. and Kimchi, Avi and Tatusova, Tatiana and DiCuccio, Michael and Kitts, Paul and Murphy, Terence D. and Pruitt, Kim D.},
    title = "{Reference sequence (RefSeq) database at NCBI: current status, taxonomic expansion, and functional annotation}",
    journal = {Nucleic Acids Research},
    volume = {44},
    number = {D1},
    pages = {D733-D745},
    year = {2015},
    month = {11},
    issn = {0305-1048},
    doi = {10.1093/nar/gkv1189},
    url = {https://doi.org/10.1093/nar/gkv1189},
    eprint = {https://academic.oup.com/nar/article-pdf/44/D1/D733/9482930/gkv1189.pdf},
}

@article{patric,
    author = {Wattam, Alice R. and Abraham, David and Dalay, Oral and Disz, Terry L. and Driscoll, Timothy and Gabbard, Joseph L. and Gillespie, Joseph J. and Gough, Roger and Hix, Deborah and Kenyon, Ronald and Machi, Dustin and Mao, Chunhong and Nordberg, Eric K. and Olson, Robert and Overbeek, Ross and Pusch, Gordon D. and Shukla, Maulik and Schulman, Julie and Stevens, Rick L. and Sullivan, Daniel E. and Vonstein, Veronika and Warren, Andrew and Will, Rebecca and Wilson, Meredith J.C. and Yoo, Hyun Seung and Zhang, Chengdong and Zhang, Yan and Sobral, Bruno W.},
    title = "{PATRIC, the bacterial bioinformatics database and analysis resource}",
    journal = {Nucleic Acids Research},
    volume = {42},
    number = {D1},
    pages = {D581-D591},
    year = {2013},
    month = {11},
    issn = {0305-1048},
    doi = {10.1093/nar/gkt1099},
    url = {https://doi.org/10.1093/nar/gkt1099},
    eprint = {https://academic.oup.com/nar/article-pdf/42/D1/D581/3576106/gkt1099.pdf},
}



